<record xmlns="http://www.loc.gov/MARC21/slim" xmlns:xsi="http://www.w3.org/2001/XMLSchema-instance" xsi:schemaLocation="http://www.loc.gov/MARC21/slim http://www.loc.gov/standards/marcxml/schema/MARC21slim.xsd">

  <leader>00612nam a2200205Ia 4500</leader>
  <controlfield tag="008">160901b1994    m  ||||| |||| 00| | spa d</controlfield>
  <datafield tag="020" ind1=" " ind2=" ">
    <subfield code="a">968231156x</subfield>
  </datafield>
  <datafield ind2=" " tag="090" ind1=" ">
    <subfield code="a">121 </subfield>
    <subfield code="b">P579pi6</subfield>
  </datafield>
  <datafield ind1="1" tag="100" ind2=" ">
    <subfield code="9">639</subfield>
    <subfield code="a">Piaget, Jean</subfield>
  </datafield>
  <datafield ind2="0" ind1="1" tag="245">
    <subfield code="a">Psicogénesis e historia de la ciencias / </subfield>
    <subfield code="c">Jean Piaget, Rolando García</subfield>
  </datafield>
  <datafield ind2=" " ind1=" " tag="260">
    <subfield code="a">México, D.F. : </subfield>
    <subfield code="b">Siglo Veintiuno Editores, </subfield>
    <subfield code="c">1994</subfield>
  </datafield>
  <datafield ind2=" " tag="300" ind1=" ">
    <subfield code="a">252 páginas</subfield>
  </datafield>
  <datafield tag="650" ind1=" " ind2="0">
    <subfield code="a">PSICOLOGÍA</subfield>
    <subfield code="9">657</subfield>
  </datafield>
  <datafield tag="650" ind1=" " ind2="0">
    <subfield code="a">TEORÍA DE LA EDUCACIÓN</subfield>
    <subfield code="9">661</subfield>
  </datafield>
  <datafield ind2="0" ind1=" " tag="650">
    <subfield code="a">HISTORIA</subfield>
    <subfield code="9">22</subfield>
  </datafield>
  <datafield ind1=" " tag="650" ind2="0">
    <subfield code="a">CIENCIA</subfield>
    <subfield code="9">890</subfield>
  </datafield>
  <datafield ind1=" " tag="650" ind2="0">
    <subfield code="a">IDEOLOGÍAS</subfield>
    <subfield code="9">1975</subfield>
  </datafield>
  <datafield ind1="1" tag="700" ind2=" ">
    <subfield code="9">1976</subfield>
    <subfield code="a">García, Rolando</subfield>
  </datafield>
  <datafield ind1=" " tag="942" ind2=" ">
    <subfield code="2">z</subfield>
    <subfield code="c">01</subfield>
  </datafield>
  <datafield ind1=" " tag="999" ind2=" ">
    <subfield code="c">391</subfield>
    <subfield code="d">391</subfield>
  </datafield>
</record>